@Book{xie2015,
  title = {Dynamic Documents with {R} and knitr},
  author = {Yihui Xie},
  publisher = {Chapman and Hall/CRC},
  address = {Boca Raton, Florida},
  year = {2015},
  edition = {2nd},
  note = {ISBN 978-1498716963},
  url = {http://yihui.name/knitr/}
}


@book{kub2012Mastering,
title={Mastering the grain markets: How profits are really made},
author={Elaine Kub},
year={2012},
publisher={CreateSpace Independent Publishing Platform}
}

@book{hull1991introduction,
  title={Introduction to futures and options markets},
  author={Hull, John},
  year={1991},
  publisher={Englewood Cliffs, NJ: Prentice Hall}
}

@book{hull2017fundamentals,
title = {Fundamentals of Futures and Options Markets},
author = {Hull, John},
year = {2017},
publisher = {Pearson},
edition = {9th}
}

@manual{good2015balproj,
  title={Balance Sheet Projections for the 2015-16 Corn Marketing Year},
  author={Good, Darrel},
  year={2015},
  edition={farmdoc daily (5):23},
  month={February}
}

@book{history2007Nass,
  title={Safeguarding America's Agricultural Statistics},
  author={Allen, Richard},
  year={2007},
  publisher={U.S. Department of Agriculture, National Agricultural Statistics Service}
}

@book{good2011yield,
  title={USDA Corn and Soybean Acreage Estimates and Yield Forecasts: Dispelling Myths and Misunderstandings},
  author={Good, Darrel and Irwin, Scott},
  year={2011},
  edition={Marketing and Outlook Briefs March MOBR 11-02},
  publisher={Department of Agricultural and Consumer Economics, University of Illinois}
}

@article{unganai1998drought,
  title={Drought monitoring and corn yield estimation in Southern Africa from AVHRR data},
  author={Unganai, Leonard S and Kogan, Felix N},
  journal={Remote Sensing of Environment},
  volume={63},
  number={3},
  pages={219--232},
  year={1998},
  publisher={Elsevier}
}

@article{walters2017cropinsNI,
  title={Net Income Risk, Crop Insurance and Hedging},
  author={Walters, Cory and Preston, Richard},
  journal={Agricultural Finance Review},
  volume={78},
  number={1},
  pages={135--151},
  year={2017},
  publisher={Emerald}
}

@article{hocking1976biometrics,
  title={A Biometrics invited paper. The analysis and selection of variables in linear regression},
  author={Hocking, Ronald R},
  journal={Biometrics},
  pages={1--49},
  year={1976},
  publisher={JSTOR}
}

@techreport{westcott1999price,
  title={Price determination for corn and wheat: the role of market factors and government programs},
  author={Westcott, Paul C and Hoffman, Linwood A},
  year={1999},
  institution={United States Department of Agriculture, Economic Research Service}
}

@techreport{babcock2005LDP,
  title={Loan Deficiency Payments versus Countercyclical Payments: Do we Need Both for a Price Safety Net?},
  author={Hart, Chad and Babcock, Bruce},
  year={2005},
  institution={Center for Agricultural and Rural Development},
  number={05-BP 44}
}


@techreport{glauber2016policy,
  title={United States agricultural policy: Its evolution and impact},
  author={Glauber, Joseph and Effland, Anne},
  year={2016},
  institution={International Food Policy Research Center},
  number={IFPRI Discussion Paper 1543}
}

@techreport{Pricesuphis1984,
  title={History of Agricultural Price Support and Adjustment Programs},
  year={1984},
  institution={USDA Economic Research Service},
  number={Information Bulletin No. 485}
}

@article{zulauf2016cropins,
  title={Crop Insurance Premium Subsidy Rates: A Proposed Objective Metric Based on Systemic Risk},
  author={Zulauf, Carl},
  journal={Farmdoc Daily},
  volume={6},
  number={86},
  year={2016},
  publisher={University of Illinois}
}

@article{granger1974spurious,
  title={Spurious regressions in econometrics},
  author={Granger, Clive WJ and Newbold, Paul},
  journal={Journal of econometrics},
  volume={2},
  number={2},
  pages={111--120},
  year={1974},
  publisher={Elsevier}
}

@article{babcock2006gooddeal,
  title={Crop Insurance: A Good Deal for Taxpayers?},
  author={Babcock, Bruce and Hart, Chad},
  journal={Iowa Ag Review},
  volume={12},
  number={3},
  year={2006},
  publisher={Center for Agricultural and Rural Development}
}

@article{dickey1979distribution,
  title={Distribution of the estimators for autoregressive time series with a unit root},
  author={Dickey, David A and Fuller, Wayne A},
  journal={Journal of the American statistical association},
  volume={74},
  number={366a},
  pages={427--431},
  year={1979},
  publisher={Taylor \& Francis}
}

@article{phillips1988testing,
  title={Testing for a unit root in time series regression},
  author={Phillips, Peter CB and Perron, Pierre},
  journal={Biometrika},
  volume={75},
  number={2},
  pages={335--346},
  year={1988},
  publisher={Biometrika Trust}
}

@article{kwiatkowski1992testing,
  title={Testing the null hypothesis of stationarity against the alternative of a unit root: How sure are we that economic time series have a unit root?},
  author={Kwiatkowski, Denis and Phillips, Peter CB and Schmidt, Peter and Shin, Yongcheol},
  journal={Journal of econometrics},
  volume={54},
  number={1},
  pages={159--178},
  year={1992},
  publisher={Elsevier}
}

@article{fama1970efficient,
  title={Efficient capital markets: A review of theory and empirical work*},
  author={Fama, Eugene F},
  journal={The journal of Finance},
  volume={25},
  number={2},
  pages={383--417},
  year={1970},
  publisher={Wiley Online Library}
}


@book{dri2002Nap,
  title={Dietary Reference Intakes for Energy, Carbohydrate, Fiber, Fatty Acids, Cholesterol, Protien, and Amino Acids},
  year={2002},
  publisher={National Academies Press}
}


@techreport{usitctrade,
  title={Pork and Swine Industry and Trade Summary},
  author={Giamalva, John},
  year={2014},
  institution={United States International Trade Commission}
}

@techreport{usdacensus,
  title={Hog and Pig Farming: A $22.5 Billion Industry},
  year={2014},
  institution={United States Department of Agriculture}
}

@techreport{gipsa10,
  title={2010 Annual Report: Packers and Stockyards Program},
  year={2011},
  institution={United States Department of Agriculture, Grain Inspection, Packers, and Stockyards Administration}
}

@techreport{eugestation,
  title={Council Directive 2008/120/EC},
  year={2008},
  institution={Council of the European Union}
}

@article{merton1973,
	title = {Theory of Rational Option Pricing},
	author = {{Merton}, {Robert C.}},
	year = {1973},
	date = {1973},
	journal = {The Bell Journal of Economics and Management Science},
	pages = {141},
	volume = {4},
	number = {1},
	doi = {10.2307/3003143},
	url = {http://dx.doi.org/10.2307/3003143}
}

@article{black1973,
	title = {The Pricing of Options and Corporate Liabilities},
	author = {{Black}, {Fischer} and {Scholes}, {Myron}},
	year = {1973},
	month = {05},
	date = {1973-05},
	journal = {Journal of Political Economy},
	pages = {637--654},
	volume = {81},
	number = {3},
	doi = {10.1086/260062},
	url = {http://dx.doi.org/10.1086/260062},
	langid = {en}
}

@misc{blacksc2020,
	title = {Black{\textendash}Scholes model},
	year = {2020},
	month = {12},
	date = {2020-12-28},
	url = {https://en.wikipedia.org/w/index.php?title=Black%E2%80%93Scholes_model&oldid=996726441},
	note = {Page Version ID: 996726441},
	langid = {en}
}

@article{ando2012,
	title = {Reply to Dunkel and Weber: Probability distributions and shortfall risk measures in conservation portfolio analysis},
	author = {{Ando}, {Amy W.} and {Mallory}, {Mindy L.}},
	year = {2012},
	month = {08},
	date = {2012-08-28},
	journal = {Proceedings of the National Academy of Sciences},
	pages = {E2305--E2305},
	volume = {109},
	number = {35},
	doi = {10.1073/pnas.1210404109},
	url = {https://www.pnas.org/content/109/35/E2305},
	note = {ISBN: 9781210404109
Publisher: National Academy of Sciences
Section: Letter},
	langid = {en}
}

@article{ando2018,
	title = {When portfolio theory can help environmental investment planning to reduce climate risk to future environmental outcomes{\textemdash}and when it cannot},
	author = {{Ando}, {Amy W.} and {Fraterrigo}, {Jennifer} and {Guntenspergen}, {Glenn} and {Howlader}, {Aparna} and {Mallory}, {Mindy} and {Olker}, {Jennifer H.} and {Stickley}, {Samuel}},
	year = {2018},
	date = {2018},
	journal = {Conservation Letters},
	pages = {e12596},
	volume = {11},
	number = {6},
	doi = {10.1111/conl.12596},
	url = {https://conbio.onlinelibrary.wiley.com/doi/abs/10.1111/conl.12596},
	note = {{\_}eprint: https://conbio.onlinelibrary.wiley.com/doi/pdf/10.1111/conl.12596},
	langid = {en}
}

@article{black1976,
	title = {The pricing of commodity contracts},
	author = {{Black}, {Fischer}},
	year = {1976},
	date = {1976},
	journal = {Journal of Financial Economics},
	pages = {167--179},
	volume = {3},
	number = {1-2},
	doi = {10.1016/0304-405X(76)90024-6},
	url = {https://linkinghub.elsevier.com/retrieve/pii/0304405X76900246},
	langid = {en}
}

@article{cochran1951,
	title = {Price Supports and the Distribution of Agricultural Income},
	author = {{Cochran}, {Clay L.}},
	year = {1951},
	date = {1951},
	journal = {Southern Economic Journal},
	pages = {330--338},
	volume = {17},
	number = {3},
	doi = {10.2307/1053897},
	url = {http://www.jstor.org/stable/1053897},
	note = {Publisher: Southern Economic Association}
}

@article{marcus1986,
	title = {The Valuation of a Random Number of Put Options: An Application to Agricultural Price Supports},
	author = {{Marcus}, {Alan J.} and {Modest}, {David M.}},
	year = {1986},
	date = {1986},
	journal = {Journal of Financial and Quantitative Analysis},
	pages = {73--86},
	volume = {21},
	number = {1},
	doi = {10.2307/2330992},
	url = {https://www.cambridge.org/core/article/valuation-of-a-random-number-of-put-options-an-application-to-agricultural-price-supports/D60D0B71BD070255479A1992E95D4004},
	note = {Edition: 2009/04/06
Publisher: Cambridge University Press}
}

@article{lichtenberg1986,
	title = {The Welfare Economics of Price Supports in U.S. Agriculture},
	author = {{Lichtenberg}, {Erik} and {Zilberman}, {David}},
	year = {1986},
	date = {1986},
	journal = {The American Economic Review},
	pages = {1135--1141},
	volume = {76},
	number = {5},
	url = {http://www.jstor.org/stable/1816475},
	note = {Publisher: American Economic Association}
}


